@book{H.Crammer,
  title={Random Variables and Probability Distributions},
  year={1970},
  author ={H.Crammer}
}

@book{Peyton,
title={Principios de Probabilidad:Variables y Señales Aleatorias-4edición},
year={2000},
author= {Peyton Z. Peebles}
}

@book{Marsaglia, 
title= {A Convenient Method for Generating Normal Variables}, 
year={1964}, 
author ={G. Marsaglia and T. A. Bray.} 
} 
